@techreport{ baluja:pbil,
  author =	 "Shumeet Baluja",
  title =	 "Population-Based Incremental Learning: {A} Method
                  for Integrating Genetic Search Based Function
                  Optimization and Competitive Learning,",
  institution =	 "Carnegie Mellon University",
  number =	 "CMU-CS-94-163",
  address =	 "Pittsburgh, PA",
  year =	 "1994",
  url =		 "citeseer.ist.psu.edu/baluja94population.html"
}

@Book{bishop:ml,
  author =	 {Christopher M. Bishop},
  title =	 {Pattern Recognition and Machine Learning},
  publisher =	 {Springer},
  year =	 {2006},
}

@article{ blickle:96comparison,
  author =	 "Tobias Blickle and Lothar Thiele",
  title =	 "A Comparison of Selection Schemes used in
                  Evolutionary Algorithms",
  journal =	 "Evolutionary Computation",
  volume =	 "4",
  number =	 "4",
  pages =	 "361-394",
  year =	 "1996",
  url =		 "citeseer.ist.psu.edu/blickle97comparison.html"
}

@InProceedings{bosman:idea,
  author =	 {Peter A.N. Bosman and Dirk Thierens},
  title =	 {Continuous Iterated Density Estimation Evolutionary
                  Algorithms Within The {IDEA} Framework},
  booktitle =	 {Proceedings of the Optimization by Building and
                  Using Probabilistic Models OBUPM Workshop at
                  {GECCO}2000},
  year =	 {2000},
  pages =	 {197-200},
}

@InProceedings{bosman:idea2,
  author =	 {Peter A.N. Bosman and Dirk Thierens},
  title =	 {Expanding From Discrete To Continuous Estimation Of
                  Distribution Algorithms: The IDEA},
  booktitle =	 {Parallel Problem Solving From Nature - PPSN VI,},
  pages =	 {767-776},
  year =	 {2000},
  publisher =	 {Springer-Verlag},
}

@Book{christian:mcsm,
  author =	 {Christian P. Robert and George Casella},
  title =	 {Monte Carlo Statistical Methods},
  publisher =	 {Springer},
  year =	 {2004},
}

@Article{denny:is,
  author =	 {Mark Denny},
  title =	 {Introduction to importance sampling in rare-event
                  simulations},
  journal =	 {European Journal of Physics},
  year =	 {2001},
  volume =	 {22},
  pages =	 {403-411},
}

@Book{doucet:particle,
  title =	 {Sequential Monte Carlo Methods in Practice},
  editor =	 {Arnaud Doucet and Nando de Freitas and Neil Gordon},
  address =	 {New York},
  publisher =	 {Springer-Verlag},
  year =	 "2001",
  ISBN =	 { 0-387-95146-6},
  url =		 {http://www-sigproc.eng.cam.ac.uk/~ad2/book.html}
}

@Article{efraimidis:rwor,
  author =	 {Pavlos S. Efraimidis and Paul G. Spirakis},
  title =	 {Weighted random sampling with a reservoir},
  journal =	 {Information Processing Letters},
  year =	 {2006},
  volume =	 {97},
  number =	 {5},
  pages =	 {181-185},
}

@Book{fukao:distsystem,
  author =	 {深尾 毅},
  yomi =	 {ZZZtakeshi ZZZfukao},
  title =	 {分散システム論 -熱力学的システム論-},
  publisher =	 {昭晃堂},
  year =	 {1987},
}

@Book{goldberg:ga,
  author =	 {David E. Goldberg},
  title =	 {Genetic Algorithms in Search, Optimization and
                  Machine Learning},
  publisher =	 {Addison-Wesley Publishing Company},
  year =	 {1989},
}

@Book{greiner:statphy,
  author =	 {Walter Greiner and Ludwig Neise and Horst
                  St\"{o}cker},
  title =	 {熱力学・統計力学},
  yomi =	 {ZZZWalter ZZZGreiner},
  publisher =	 {シュプリンガー・フェアラーク東京},
  year =	 {1999},
}

@inproceedings{hansen:cma,
  author =	 "Nikolaus Hansen and Andreas Ostermeier",
  title =	 "Adapting arbitrary normal mutation distributions in
                  evolution strategies: the covariance matrix
                  adaptation",
  booktitle =	 "In Proceedings of the 1996 IEEE International
                  Conference on Evolutionary Computation",
  pages =	 "312--317",
  year =	 "1996",
}

@Book{hastie:slearning,
  author =	 {Trevor Hastie and Robert Tibshirani and Jerome
                  Friedman},
  title =	 {The Elements of Statistical Learning},
  publisher =	 {Springer-Verlag, New York},
  year =	 {2001},
}

@TechReport{hauschild:spinglass,
  author =	 {Mark Hauschild and Martin Pelikan and Claudio
                  F. Lima and Kumara Sastry},
  title =	 {Analyzing Probabilistic Models in Hierarchical {BOA}
                  on Traps and Spin Glasses},
  institution =	 {Missouri Estimation of Distribution Algorithms
                  Laboratory, University of Missouri},
  year =	 {2007},
  number =	 {2007001},
  address =	 {St. Louis, MO},
  type =	 {MEDAL Report No.},
}

@Article{henmi:is,
  author =	 {Masayuki Henmi and Ryo Yoshida and Shinto Eguchi},
  title =	 {Importance Sampling Via the Estimated Sampler},
  journal =	 {Biometrika},
  year =	 {2007},
  volume =	 {94},
  number =	 {4},
  pages =	 {985-991},
}

@Article{higo:his,
  author =	 {Takayuki Higo and Keiki Takadama},
  title =	 {Maintaining Multiple Populations with Different
                  Diversities for Evolutionary Optimization based on
                  Probabiity Models},
  journal =	 {{IPSJ} Transactions on Mathematical Modeling and Its
                  Applications},
  year =	 {2008},
  note =	 {to appear.},
}

@InProceedings{higo:his_ibis2006,
  author =	 {比護 貴之 and 高玉 圭樹},
  yomi =	 {ZZZtakayuki ZZZhigo},
  title =	 {多点探索型の最適化計算における収束問題のための階層型
                  インポータンスサンプリング},
  booktitle =	 {情報論的学習理論ワークショップ},
  year =	 {2006},
}

@InProceedings{higo:rpm,
  author =	 {Takayuki Higo and Keiki Takadama},
  title =	 {Resampling-based Population Mechanism for
                  Evolutionary Algorithms based on Probability Models},
  booktitle =	 {11th Asia-Pacific Workshop on Intelligent and
                  Evolutionary Systems},
  year =	 {2007},
}

@InProceedings{higo:rpm_old,
  author =	 {Takayuki Higo and Keiki Takadama},
  title =	 {Maintaining Population with Resampling for
                  Optimization Methods based on Probability Models},
  booktitle =	 {JSAI SIG-DMSM 4th Workshop},
  year =	 {2007},
}

@Article{higuchi:ga-pf,
  author =	 {Tomoyuki Higuchi},
  title =	 {{M}onte {C}arlo filter using the Genetic algorithm
                  operators},
  journal =	 {Journal of Statistical Computation and Simulation},
  year =	 {1997},
  volume =	 {59},
  number =	 {1},
  pages =	 {1-23},
}

@Article{higuchi:ga-pf-j,
  author =	 {樋口 知之},
  title =	 {遺伝的アルゴリズムとモンテカルロフィルタ},
  journal =	 {統計数理},
  year =	 {1996},
  volume =	 {44},
  number =	 {1},
  yomi =	 {ZZZtomoyuki ZZZhiguchi}
}

@Article{hukushima:emc,
  author =	 {Koji Hukushima and Koji Nemoto},
  title =	 {Exchange Monte Carlo Method and Application to Spin
                  Glass Simulations},
  journal =	 {Journal of the Physical Society of Japan},
  year =	 {1996},
  volume =	 {65},
  number =	 {6},
  pages =	 {1604-1608},
}

@Book{iba:mcmc,
  author =	 {伊庭 幸人 and 種村 正美 and 大森 裕浩 and 和合 肇
                  and 佐藤 整尚 and 高橋 明彦},
  yomi =	 {ZZZyukito ZZZiba},
  title =	 {計算統計II マルコフ連鎖モンテカルロ法とその周辺},
  publisher =	 {岩波書店},
  year =	 {2005},
}

@Article{kern:cma,
  author =	 {Stefan Kern and Sibylle D. M\"{u}ller and Nikolaus
                  Hansen and Dirk B\"{u}che and Jiri Ocenasek and
                  Petros Koumoutsakos},
  title =	 {Learning probability distributions in continuous
                  evolutionary algorithms - a comparative review},
  journal =	 {Natural Computing: an international journal },
  year =	 {2004},
}

@article{kirkpatrick:sa,
  author =	 {Kirkpatrick, S. and Gelatt, C. D. and Vecchi,
                  M. P. },
  title =	 {Optimization by Simulated Annealing},
  journal =	 {Science},
  pages =	 {671--680},
  volume =	 {220},
  year =	 {1983},
}

@Book{larranaga:eda,
  editor =	 {Pedro Larranaga and Jose A. Lozano},
  title =	 {Estimation of Distribution Algorithm},
  publisher =	 {Kluwer Academic Publishers},
  year =	 {2002},
}

@TechReport{lima:replacement,
  author =	 {Claudio F. Lima and Martin Pelikan and David
                  E. Goldberg and Fernando G. Lobo and Kumara Sastry
                  and Mark Hauschild},
  title =	 {Influence of Selection and Replacement Strategies on
                  Linkage Learning in {BOA}},
  institution =	 {IlliGAL Technical Report No. 2007013, University of
                  Illinois at Urbana-Champaign},
  year =	 {2007},
}

@Book{liu:mci,
  author =	 {Jun S. Liu},
  title =	 {Monte Carlo Strategies in Scientific Computing},
  publisher =	 {Springer},
  year =	 {2001},
}

@Book{lozano:eda,
  editor =	 {Jose A. Lozano and Pedro Larranaga and Inaki Inza
                  and Endika Bengoetxea},
  title =	 {Towards an New Evolutionary Computation},
  publisher =	 {Springer},
  year =	 {2006},
}

@Article{lundy:sa,
  author =	 {M. Lundy and A. Mees},
  title =	 {Convergence of an annealing algorithm},
  journal =	 {Mathematical Programming},
  year =	 {1986},
  volume =	 {34},
  number =	 {1},
  pages =	 {111-124},
}

@Article{muhlenbein:eda,
  author =	 {Heinz M\"{u}hlenbein and Robin Hons},
  title =	 {The Estimation of Distributions and the Minimum
                  Relative Entropy Principle},
  journal =	 {Evolutionary Computation},
  year =	 {2005},
  volume =	 {13},
  number =	 {1},
  pages =	 {1-27},
}

@InProceedings{muhlenbein:umda,
  author =	 {Heinz M\"{u}hlenbein and Gerd Paa\ss},
  title =	 {From recombination of genes to the estimation of
                  distributions {I}. Binary parameters},
  booktitle =	 {Parallel Problem Solving from Nature
                  I\hspace{-.1em}V},
  pages =	 {178-1187},
  year =	 {1996},
}

@InProceedings{muhlenbein:umda_c,
  author =	 {Heinz M\"{u}hlenbein and J. Bendisch and H.-M Voigt},
  title =	 {From recombination of genes to the estimation of
                  distributions {II}. Continuous parameters},
  booktitle =	 {Parallel Problem Solving from Nature
                  I\hspace{-.1em}V},
  pages =	 {188-197},
  year =	 {1996},
}

@InProceedings{muhlenbein:umda_l,
  author =	 {Heinz Muhlenbein and Gerd Paass},
  title =	 {From recombination of genes to the estimation of
                  distributions I. Binary parameters},
  booktitle =	 {Parallel Problem Solving from Nature
                  I\hspace{-.1em}V},
  pages =	 {188-197},
  year =	 {1996},
  editor =	 {Voigt, H.-M and Ebeling, W. and Rechenberg, I. and
                  Schwefel},
  publisher =	 {Springer},
}

@Book{nagao:optimization,
  author =	 {長尾 智晴},
  yomi =	 {ZZZtomoharu ZZZnagao},
  title =	 {最適化アルゴリズム},
  publisher =	 {昭晃堂},
  year =	 {2000},
}

@Book{opper:mf,
  editor =	 {Manfred Opper and David Saad},
  title =	 {Advanced Mean Field Methods: Theory and Practice
                  (Neural Information Processing Systems)},
  publisher =	 {MIT Press},
  year =	 {2001},
}

@inproceedings{pelikan:99boa,
  author =	 "Martin Pelikan and David E. Goldberg and Erick
                  Cant{\'{u}}-Paz",
  title =	 "{BOA}: The {B}ayesian Optimization Algorithm",
  booktitle =	 "Proceedings of the Genetic and Evolutionary
                  Computation Conference {GECCO}-99",
  volume =	 "I",
  pages =	 "525--532",
  year =	 "1999",
}

@TechReport{pelikan:dependency,
  author =	 {Martin Pelikan and Shigeyoshi Tsutsui and Rajiv
                  Kalapala},
  title =	 {Dependency Trees, Permutations, and Quadratic
                  Assignment Problem},
  institution =	 {Missouri Estimation of Distribution Algorithms
                  Laboratory, University of Missouri},
  year =	 {2007},
  number =	 {2007003},
  address =	 {St. Louis, MO},
  type =	 {MEDAL Report No.},
}

@inproceedings{pelikan:escaping,
  author =	 "Martin Pelikan and David E. Goldberg",
  title =	 "Escaping Hierarchical Traps with Competent Genetic
                  Algorithms",
  booktitle =	 "Proceedings of the Genetic and Evolutionary
                  Computation Conference ({GECCO}-2001)",
  month =	 "7-11",
  pages =	 "511--518",
  year =	 "2001",
}

@InProceedings{pelikan:ising,
  author =	 {Martin Pelikan and David E. Goldberg},
  title =	 {Hierarchical {BOA} solves Ising spin glasses and
                  {MAXSAT}},
  booktitle =	 {Genetic and Evolutionary Computation Conference 2003
                  (GECCO-2003)},
  pages =	 {1271-1282},
  year =	 {2003}
}

@inproceedings{ pelikan:mixture,
  author =	 "Martin Pelikan and David E. Goldberg",
  title =	 "Genetic Algorithms, Clustering, and the Breaking of
                  Symmetry",
  booktitle =	 "Parallel Problem Solving from Nature - {PPSN} {VI}
                  6th International Conference",
  pages =	 "840-846",
  year =	 "2000",
}

@inproceedings{pelikan:pmbga,
  author =	 "Martin Pelikan and David E. Goldberg",
  title =	 "Research on the {B}ayesian optimization algorithm",
  booktitle =	 "Optimization By Building and Using Probabilistic",
  month =	 "8",
  address =	 "Las Vegas, Nevada, USA",
  pages =	 "216--219",
  year =	 "2000",
  url =		 "citeseer.ist.psu.edu/pelikan00research.html"
}

@TechReport{pelikan:robust,
  author =	 {Martin Pelikan and David E. Goldberg and Jiri
                  Ocenasek and Simon Trebst},
  title =	 {Robust and scalable black-box optimization,
                  hierarchy, and Ising spin glasses},
  institution =	 {Illinois Genetic Algorithms Laboratory, University
                  of Illinois at Urbana-Champaign},
  year =	 {2003},
  number =	 {2003019},
  address =	 {Urbana, IL},
  type =	 {IlliGAL Report No.},
}

@Article{pelikan:survey,
  author =	 {Martin Pelikan and David E. Goldberg and Fernando
                  G. Lobo},
  title =	 {A Survey of Optimization by Building and Using
                  Probabilistic Models},
  journal =	 {Computational Optimization and Applications},
  year =	 {2002},
  volume =	 {21},
  pages =	 {5-20},
}

@Book{rubinstein:ce,
  author =	 {Reuven Y. Rubinstein and Dirk P. Kroese},
  title =	 {The Cross-Entropy Method},
  publisher =	 {Springer},
  year =	 {2004},
}

@Book{rubinstein:mc,
  author =	 {Reuven Y. Rubinstein},
  title =	 {Simulation and the {M}onte {C}arlo Method },
  publisher =	 {Wiley-Interscience},
  year =	 {1981},
}

@Article{satoh:mgg,
  author =	 {Hiroshi Satoh and Masayuki Yamamura and Shigenobu
                  Kobayashi},
  title =	 {Minimal generation gap model for {GA}s considering
                  both exploration and exploitation},
  journal =	 {proceedings of the IIZUKA: Methodologies for the
                  Conception, Design, and Application of Intelligent
                  Systems},
  pages =	 {494-497},
  year =	 {1996},
}

@Book{sfrontier:11,
  author =	 {汪 金 芳 and 田栗 正章 and 手塚　集 and 樺島 祥介
                  and 上田 修功},
  yomi =	 {ZZZzingfun},
  title =	 {計算統計 --確率計算の新しい手法},
  publisher =	 {岩波書店},
  year =	 {2003},
}

@Book{sfrontier:3,
  author =	 {下平 英寿 and 伊藤 秀一 and 久保 川達也 and 竹内 啓},
  yomi =	 {ZZZhidetoshi ZZZshimodaira},
  title =	 {モデル選択 --予測・検定・推定の交差点},
  publisher =	 {岩波書店},
  year =	 {2004},
}

@article{shang:rosen,
  author =	 {Yun-Wei Shang and Yu-Huang Qiu },
  journal =	 {Evolutionary Computation},
  number =	 {1},
  pages =	 {119--126},
  publisher =	 {MIT Press},
  title =	 {A Note on the Extended Rosenbrock Function},
  volume =	 {14},
  year =	 {2006}
}

@Article{shimodaila:nitching,
  author =	 {Hisashi Shimodaira},
  title =	 {An Empirical Performance Comparison of Niching
                  Methods for Genetic Algorithms},
  journal =	 {{IEICE} transactions on information and systems},
  year =	 {2002},
  volume =	 {E85-D},
  number =	 {11},
  pages =	 {1872-1880},
  month =	 {11},
}

@Article{shimodaira:wis-aic,
  author =	 {Hidetoshi Shimodaira},
  title =	 {Improving predictive inference under covariate shift
                  by weighting the log-likelihood function},
  journal =	 {Journal of Statistical Planning and Inference},
  year =	 {2000},
  volume =	 {90},
  pages =	 {227-244},
}

@InProceedings{thilo:sds,
  author =	 {Thilo Mahnig and Heinz M\"{u}hlenbein},
  title =	 {A new Adaptive {B}oltzmann Selection Schedule {SDS}},
  booktitle =	 {Proceedings of the 2001 Congress on Evolutionary
                  Computation},
  year =	 {2001},
}

@InProceedings{thilo:sds2,
  author =	 {Thilo Mahnig and Heinz M\"{u}hlenbein},
  title =	 {Comparing the adaptive {B}oltzmann selection
                  schedule {SDS} to truncation selection},
  booktitle =	 {Proceedings of the Third Internatinal Symposium on
                  Adaptive Systems},
  year =	 {2001},
  pages =	 {121-128},
}

@InProceedings{tsutsui:tsp,
  author =	 {Shigeyoshi Tsutsui},
  title =	 {Node Histogram vs. Edge Histogram: A Comparison of
                  Probabilistic Model-Building Genetic Algorithms in
                  Permutation Domains},
  booktitle =	 {The 2006 IEEE Congress on Evolutionary Computation
                  (CEC-2006)},
  year =	 {2006},
}

@Book{watanabe:probstat,
  author =	 {渡邊 澄夫 and 村田 昇},
  yomi =	 {ZZZsumio ZZZwatanabe and ZZZnoboru ZZZmurata},
  title =	 {確率と統計 -情報学への架橋-},
  publisher =	 {コロナ社},
  year =	 {2005},
}

@Book{watanabe:slearning,
  author =	 {渡邊 澄夫},
  title =	 {データ学習アルゴリズム},
  yomi =	 {ZZZsumio ZZZwatanabe},
  publisher =	 {共立出版},
  year =	 {2001},
}



@misc{weise:go,
	author = "{Thomas Weise}",
	title  = "{Global Optimization Algorithms Theory and Application}",
	howpublished = "\url{http://www.it-weise.de/}"
	}

